@article{Johnson2020,
    author = "Johnson, Emily",
    title = "A Study of Mathematical Techniques",
    journal = "Journal of Mathematics",
    year = "2020",
    volume = "15",
    pages = "120-135"
}

@misc{song2021scorebased,
      title={Score-Based Generative Modeling through Stochastic Differential Equations},
      author={Yang Song and Jascha Sohl-Dickstein and Diederik P. Kingma and Abhishek Kumar and Stefano Ermon and Ben Poole},
      year={2021},
      eprint={2011.13456},
      archivePrefix={arXiv},
      primaryClass={cs.LG}
}

@misc{vincent2010connection,
  author = {Pascal Vincent},
  title = {A Connection Between Score Matching and Denoising Autoencoders},
  institution = {Département d'Informatique et de Recherche Opérationnelle},
  year = {2010},
  type = {Technical Report},
  number = {1358},
}

@misc{song2020generative,
      title={Generative Modeling by Estimating Gradients of the Data Distribution},
      author={Yang Song and Stefano Ermon},
      year={2020},
      eprint={1907.05600},
      archivePrefix={arXiv},
      primaryClass={cs.LG}
}
