@misc{song2021scorebased,
      title={Score-Based Generative Modeling through Stochastic Differential Equations},
      author={Yang Song and Jascha Sohl-Dickstein and Diederik P. Kingma and Abhishek Kumar and Stefano Ermon and Ben Poole},
      year={2021},
      eprint={2011.13456},
      archivePrefix={arXiv},
      primaryClass={cs.LG}
}
@techreport{Vincent2010,
author = {Pascal Vincent},
title = {A Connection Between Score Matching and Denoising Autoencoders},
institution = {Département d'Informatique et de Recherche Opérationnelle, Université de Montréal},
year = {2010},
month = {December},
number = {1358},
address = {CP 6128, Succ. Centre-Ville, Montréal (QC) H3C 3J7, Canada},
note = {THIS IS A PREPRINT VERSION OF A NOTE THAT HAS BEEN ACCEPTED FOR PUBLICATION IN NEURAL COMPUTATION.}
}

@article{friedman2001greedy,
  title={Greedy function approximation: a gradient boosting machine},
  author={Friedman, Jerome H},
  journal={Annals of Statistics},
  volume={29},
  number={5},
  pages={1189--1232},
  year={2001},
  publisher={Institute of Mathematical Statistics}
}
@inproceedings{chen2016xgboost, series={KDD ’16},
   title={XGBoost: A Scalable Tree Boosting System},
   url={http://dx.doi.org/10.1145/2939672.2939785},
   DOI={10.1145/2939672.2939785},
   booktitle={Proceedings of the 22nd ACM SIGKDD International Conference on Knowledge Discovery and Data Mining},
   publisher={ACM},
   author={Chen, Tianqi and Guestrin, Carlos},
   year={2016},
   month=aug, collection={KDD ’16} }

@misc{prokhorenkova2019catboost,
      title={CatBoost: unbiased boosting with categorical features},
      author={Liudmila Prokhorenkova and Gleb Gusev and Aleksandr Vorobev and Anna Veronika Dorogush and Andrey Gulin},
      year={2019},
      eprint={1706.09516},
      archivePrefix={arXiv},
      primaryClass={cs.LG}
}

@inproceedings{ke2018lightgbm,
 author = {Ke, Guolin and Meng, Qi and Finley, Thomas and Wang, Taifeng and Chen, Wei and Ma, Weidong and Ye, Qiwei and Liu, Tie-Yan},
 booktitle = {Advances in Neural Information Processing Systems},
 editor = {I. Guyon and U. Von Luxburg and S. Bengio and H. Wallach and R. Fergus and S. Vishwanathan and R. Garnett},
 pages = {},
 publisher = {Curran Associates, Inc.},
 title = {LightGBM: A Highly Efficient Gradient Boosting Decision Tree},
 url = {https://proceedings.neurips.cc/paper_files/paper/2017/file/6449f44a102fde848669bdd9eb6b76fa-Paper.pdf},
 volume = {30},
 year = {2017}
}
